@misc{young_2017, title={Beacon Detection With Android 8}, howpublished = {http://www.davidgyoungtech.com/2017/08/07/beacon-detection-with-android-8}, journal={Sitewide ATOM}, author={Young, David G.}, year={2017}, month={Aug}}